<?xml version="1.0" encoding="UTF-8"?><record xmlns="http://www.loc.gov/MARC21/slim" xmlns:cinclude="http://apache.org/cocoon/include/1.0" xmlns:zs="http://www.loc.gov/zing/srw/">
  <leader>00423cz  a2200133n  4500</leader>
  <controlfield tag="001">no2005053596</controlfield>
  <controlfield tag="003">DLC</controlfield>
  <controlfield tag="005">20090515075415.0</controlfield>
  <controlfield tag="008">050603n| acannaabn          |n ana     c</controlfield>
  <datafield tag="010" ind1=" " ind2=" ">
    <subfield code="a">no2005053596</subfield>
  </datafield>
  <datafield tag="035" ind1=" " ind2=" ">
    <subfield code="a">(OCoLC)oca06653031</subfield>
  </datafield>
  <datafield tag="040" ind1=" " ind2=" ">
    <subfield code="a">DJBF</subfield>
    <subfield code="b">eng</subfield>
    <subfield code="c">DJBF</subfield>
    <subfield code="d">DLC</subfield>
  </datafield>
  <datafield tag="110" ind1="2" ind2=" ">
    <subfield code="a">Pro-Poor Livestock Policy Initiative.</subfield>
    <subfield code="b">South Asia Hub</subfield>
  </datafield>
  <datafield tag="670" ind1=" " ind2=" ">
    <subfield code="a">Livestock and livelihoods, 2004:</subfield>
    <subfield code="b">(Pro-Poor Livestock Policy Facility, South Asia Hub)</subfield>
  </datafield>
</record>